<collection xmlns="http://www.loc.gov/MARC21/slim">
<record>
  <leader>00703nam0a22001811i 450 </leader>
  <controlfield tag="001">IT\ICCU\CNCE\058221</controlfield>
  <controlfield tag="005">20071004000000.0</controlfield>
  <datafield tag="100" ind1=" " ind2=" ">
    <subfield code="a">20040515d1596        0itac0103    ba</subfield>
  </datafield>
  <datafield tag="101" ind1=" " ind2=" ">
    <subfield code="a">ITA</subfield>
  </datafield>
  <datafield tag="102" ind1=" " ind2=" ">
    <subfield code="a">IT</subfield>
  </datafield>
  <datafield tag="200" ind1="1" ind2=" ">
    <subfield code="a">Canzone di Horatio Navazzotti fatta nel parto dell&apos;illustrissima signora contessa Girolama Salvago Castiglioni</subfield>
  </datafield>
  <datafield tag="210" ind1=" " ind2=" ">
    <subfield code="a">Casale Monferrato</subfield>
    <subfield code="c">Bernardo Grasso</subfield>
    <subfield code="d">1596</subfield>
  </datafield>
  <datafield tag="620" ind1=" " ind2=" ">
    <subfield code="a">IT</subfield>
    <subfield code="d">Casale Monferrato</subfield>
  </datafield>
  <datafield tag="700" ind1=" " ind2="1">
    <subfield code="a">Navazzotti,</subfield>
    <subfield code="b">Orazio</subfield>
    <subfield code="3">IT\ICCU\CNCA\009203</subfield>
  </datafield>
  <datafield tag="712" ind1="0" ind2="0">
    <subfield code="a">Grasso, Bernardo</subfield>
    <subfield code="3">IT\ICCU\CNCT\000945</subfield>
    <subfield code="4">650</subfield>
  </datafield>
  <datafield tag="790" ind1=" " ind2="1">
    <subfield code="a">Navazzotto,</subfield>
    <subfield code="b">Orazio</subfield>
    <subfield code="3">IT\ICCU\CNCA\017723</subfield>
    <subfield code="z">Navazzotti, Orazio</subfield>
  </datafield>
  <datafield tag="791" ind1="0" ind2="0">
    <subfield code="a">Crassus, Bernardus</subfield>
    <subfield code="3">IT\ICCU\CNCT\003880</subfield>
    <subfield code="z">Grasso, Bernardo</subfield>
  </datafield>
  <datafield tag="801" ind1=" " ind2="3">
    <subfield code="a">IT</subfield>
    <subfield code="b">ICCU</subfield>
    <subfield code="c">20201115</subfield>
  </datafield>
</record>
</collection>
